%YAML 1.1
%TAG !u! tag:unity3d.com,2011:
--- !u!29 &1
OcclusionCullingSettings:
  m_ObjectHideFlags: 0
  serializedVersion: 2
  m_OcclusionBakeSettings:
    smallestOccluder: 5
    smallestHole: 0.25
    backfaceThreshold: 100
  m_SceneGUID: 00000000000000000000000000000000
  m_OcclusionCullingData: {fileID: 0}
--- !u!104 &2
RenderSettings:
  m_ObjectHideFlags: 0
  serializedVersion: 8
  m_Fog: 0
  m_FogColor: {r: 0.5, g: 0.5, b: 0.5, a: 1}
  m_FogMode: 3
  m_FogDensity: 0.01
  m_LinearFogStart: 0
  m_LinearFogEnd: 300
  m_AmbientSkyColor: {r: 0.212, g: 0.227, b: 0.259, a: 1}
  m_AmbientEquatorColor: {r: 0.114, g: 0.125, b: 0.133, a: 1}
  m_AmbientGroundColor: {r: 0.047, g: 0.043, b: 0.035, a: 1}
  m_AmbientIntensity: 1
  m_AmbientMode: 3
  m_SubtractiveShadowColor: {r: 0.42, g: 0.478, b: 0.627, a: 1}
  m_SkyboxMaterial: {fileID: 0}
  m_HaloStrength: 0.5
  m_FlareStrength: 1
  m_FlareFadeSpeed: 3
  m_HaloTexture: {fileID: 0}
  m_SpotCookie: {fileID: 10001, guid: 0000000000000000e000000000000000, type: 0}
  m_DefaultReflectionMode: 0
  m_DefaultReflectionResolution: 128
  m_ReflectionBounces: 1
  m_ReflectionIntensity: 1
  m_CustomReflection: {fileID: 0}
  m_Sun: {fileID: 0}
  m_IndirectSpecularColor: {r: 0, g: 0, b: 0, a: 1}
--- !u!157 &3
LightmapSettings:
  m_ObjectHideFlags: 0
  serializedVersion: 11
  m_GIWorkflowMode: 1
  m_GISettings:
    serializedVersion: 2
    m_BounceScale: 1
    m_IndirectOutputScale: 1
    m_AlbedoBoost: 1
    m_TemporalCoherenceThreshold: 1
    m_EnvironmentLightingMode: 0
    m_EnableBakedLightmaps: 0
    m_EnableRealtimeLightmaps: 0
  m_LightmapEditorSettings:
    serializedVersion: 9
    m_Resolution: 2
    m_BakeResolution: 40
    m_TextureWidth: 1024
    m_TextureHeight: 1024
    m_AO: 0
    m_AOMaxDistance: 1
    m_CompAOExponent: 1
    m_CompAOExponentDirect: 0
    m_Padding: 2
    m_LightmapParameters: {fileID: 0}
    m_LightmapsBakeMode: 1
    m_TextureCompression: 1
    m_FinalGather: 0
    m_FinalGatherFiltering: 1
    m_FinalGatherRayCount: 256
    m_ReflectionCompression: 2
    m_MixedBakeMode: 2
    m_BakeBackend: 0
    m_PVRSampling: 1
    m_PVRDirectSampleCount: 32
    m_PVRSampleCount: 500
    m_PVRBounces: 2
    m_PVRFiltering: 0
    m_PVRFilteringMode: 1
    m_PVRCulling: 1
    m_PVRFilteringGaussRadiusDirect: 1
    m_PVRFilteringGaussRadiusIndirect: 5
    m_PVRFilteringGaussRadiusAO: 2
    m_PVRFilteringAtrousColorSigma: 1
    m_PVRFilteringAtrousNormalSigma: 1
    m_PVRFilteringAtrousPositionSigma: 1
  m_LightingDataAsset: {fileID: 0}
  m_UseShadowmask: 1
--- !u!196 &4
NavMeshSettings:
  serializedVersion: 2
  m_ObjectHideFlags: 0
  m_BuildSettings:
    serializedVersion: 2
    agentTypeID: 0
    agentRadius: 0.5
    agentHeight: 2
    agentSlope: 45
    agentClimb: 0.4
    ledgeDropHeight: 0
    maxJumpAcrossDistance: 0
    minRegionArea: 2
    manualCellSize: 0
    cellSize: 0.16666667
    manualTileSize: 0
    tileSize: 256
    accuratePlacement: 0
  m_NavMeshData: {fileID: 0}
--- !u!1 &421334891
GameObject:
  m_ObjectHideFlags: 0
  m_PrefabParentObject: {fileID: 0}
  m_PrefabInternal: {fileID: 0}
  serializedVersion: 5
  m_Component:
  - component: {fileID: 421334892}
  m_Layer: 0
  m_Name: GameObject
  m_TagString: Untagged
  m_Icon: {fileID: 0}
  m_NavMeshLayer: 0
  m_StaticEditorFlags: 0
  m_IsActive: 1
--- !u!4 &421334892
Transform:
  m_ObjectHideFlags: 0
  m_PrefabParentObject: {fileID: 0}
  m_PrefabInternal: {fileID: 0}
  m_GameObject: {fileID: 421334891}
  m_LocalRotation: {x: -0, y: -0, z: -0, w: 1}
  m_LocalPosition: {x: -1.03, y: 1.8700001, z: 0}
  m_LocalScale: {x: 1, y: 1, z: 1}
  m_Children: []
  m_Father: {fileID: 1753821136}
  m_RootOrder: 2
  m_LocalEulerAnglesHint: {x: 0, y: 0, z: 0}
--- !u!1 &558458166
GameObject:
  m_ObjectHideFlags: 0
  m_PrefabParentObject: {fileID: 0}
  m_PrefabInternal: {fileID: 0}
  serializedVersion: 5
  m_Component:
  - component: {fileID: 558458167}
  m_Layer: 0
  m_Name: Background
  m_TagString: Untagged
  m_Icon: {fileID: 0}
  m_NavMeshLayer: 0
  m_StaticEditorFlags: 0
  m_IsActive: 1
--- !u!4 &558458167
Transform:
  m_ObjectHideFlags: 0
  m_PrefabParentObject: {fileID: 0}
  m_PrefabInternal: {fileID: 0}
  m_GameObject: {fileID: 558458166}
  m_LocalRotation: {x: -0, y: -0, z: -0, w: 1}
  m_LocalPosition: {x: 0, y: 0, z: 10}
  m_LocalScale: {x: 1, y: 1, z: 1}
  m_Children:
  - {fileID: 799426660}
  m_Father: {fileID: 0}
  m_RootOrder: 1
  m_LocalEulerAnglesHint: {x: 0, y: 0, z: 0}
--- !u!1001 &773974776
Prefab:
  m_ObjectHideFlags: 0
  serializedVersion: 2
  m_Modification:
    m_TransformParent: {fileID: 1753821136}
    m_Modifications:
    - target: {fileID: 4383050125282078, guid: ac3d053f7db50a7499486a739556d33a, type: 2}
      propertyPath: m_LocalPosition.x
      value: -1.05
      objectReference: {fileID: 0}
    - target: {fileID: 4383050125282078, guid: ac3d053f7db50a7499486a739556d33a, type: 2}
      propertyPath: m_LocalPosition.y
      value: 0.6
      objectReference: {fileID: 0}
    - target: {fileID: 4383050125282078, guid: ac3d053f7db50a7499486a739556d33a, type: 2}
      propertyPath: m_LocalPosition.z
      value: 0
      objectReference: {fileID: 0}
    - target: {fileID: 4383050125282078, guid: ac3d053f7db50a7499486a739556d33a, type: 2}
      propertyPath: m_LocalRotation.x
      value: -0
      objectReference: {fileID: 0}
    - target: {fileID: 4383050125282078, guid: ac3d053f7db50a7499486a739556d33a, type: 2}
      propertyPath: m_LocalRotation.y
      value: -0
      objectReference: {fileID: 0}
    - target: {fileID: 4383050125282078, guid: ac3d053f7db50a7499486a739556d33a, type: 2}
      propertyPath: m_LocalRotation.z
      value: -0
      objectReference: {fileID: 0}
    - target: {fileID: 4383050125282078, guid: ac3d053f7db50a7499486a739556d33a, type: 2}
      propertyPath: m_LocalRotation.w
      value: 1
      objectReference: {fileID: 0}
    - target: {fileID: 4383050125282078, guid: ac3d053f7db50a7499486a739556d33a, type: 2}
      propertyPath: m_RootOrder
      value: 3
      objectReference: {fileID: 0}
    - target: {fileID: 1625074409306276, guid: ac3d053f7db50a7499486a739556d33a, type: 2}
      propertyPath: m_Name
      value: Load Level button 1
      objectReference: {fileID: 0}
    - target: {fileID: 212355132095185988, guid: ac3d053f7db50a7499486a739556d33a,
        type: 2}
      propertyPath: m_Sprite
      value: 
      objectReference: {fileID: 21300000, guid: bc2a34af120d70c4682b1b5a03548d08,
        type: 3}
    - target: {fileID: 212676915040191964, guid: ac3d053f7db50a7499486a739556d33a,
        type: 2}
      propertyPath: m_Sprite
      value: 
      objectReference: {fileID: 21300000, guid: 08ce29d754afe8c4394bb05d98a5552f,
        type: 3}
    - target: {fileID: 102169514208585988, guid: ac3d053f7db50a7499486a739556d33a,
        type: 2}
      propertyPath: m_Text
      value: 1
      objectReference: {fileID: 0}
    - target: {fileID: 114720185474420974, guid: ac3d053f7db50a7499486a739556d33a,
        type: 2}
      propertyPath: levelFile
      value: 
      objectReference: {fileID: 4900000, guid: cda113fc427bbfb449e8a5f34148a1d7, type: 3}
    - target: {fileID: 114720185474420974, guid: ac3d053f7db50a7499486a739556d33a,
        type: 2}
      propertyPath: rounds.Array.data[0].taps
      value: 6
      objectReference: {fileID: 0}
    - target: {fileID: 114720185474420974, guid: ac3d053f7db50a7499486a739556d33a,
        type: 2}
      propertyPath: rounds.Array.data[1].taps
      value: 7
      objectReference: {fileID: 0}
    - target: {fileID: 114720185474420974, guid: ac3d053f7db50a7499486a739556d33a,
        type: 2}
      propertyPath: rounds.Array.data[1].order.Array.data[1]
      value: 2
      objectReference: {fileID: 0}
    - target: {fileID: 114720185474420974, guid: ac3d053f7db50a7499486a739556d33a,
        type: 2}
      propertyPath: rounds.Array.data[1].order.Array.data[3]
      value: 4
      objectReference: {fileID: 0}
    - target: {fileID: 114720185474420974, guid: ac3d053f7db50a7499486a739556d33a,
        type: 2}
      propertyPath: rounds.Array.data[1].order.Array.data[4]
      value: 5
      objectReference: {fileID: 0}
    - target: {fileID: 114720185474420974, guid: ac3d053f7db50a7499486a739556d33a,
        type: 2}
      propertyPath: passingScore
      value: 3300
      objectReference: {fileID: 0}
    m_RemovedComponents: []
  m_ParentPrefab: {fileID: 100100000, guid: ac3d053f7db50a7499486a739556d33a, type: 2}
  m_IsPrefabParent: 0
--- !u!4 &773974777 stripped
Transform:
  m_PrefabParentObject: {fileID: 4383050125282078, guid: ac3d053f7db50a7499486a739556d33a,
    type: 2}
  m_PrefabInternal: {fileID: 773974776}
--- !u!114 &773974778 stripped
MonoBehaviour:
  m_PrefabParentObject: {fileID: 114720185474420974, guid: ac3d053f7db50a7499486a739556d33a,
    type: 2}
  m_PrefabInternal: {fileID: 773974776}
  m_Script: {fileID: 11500000, guid: 192b4b5a94b622141bc3bf23ab5f7e8f, type: 3}
--- !u!1 &799426658
GameObject:
  m_ObjectHideFlags: 0
  m_PrefabParentObject: {fileID: 0}
  m_PrefabInternal: {fileID: 0}
  serializedVersion: 5
  m_Component:
  - component: {fileID: 799426660}
  - component: {fileID: 799426659}
  m_Layer: 0
  m_Name: background-basic
  m_TagString: Untagged
  m_Icon: {fileID: 0}
  m_NavMeshLayer: 0
  m_StaticEditorFlags: 0
  m_IsActive: 1
--- !u!212 &799426659
SpriteRenderer:
  m_ObjectHideFlags: 0
  m_PrefabParentObject: {fileID: 0}
  m_PrefabInternal: {fileID: 0}
  m_GameObject: {fileID: 799426658}
  m_Enabled: 1
  m_CastShadows: 0
  m_ReceiveShadows: 0
  m_MotionVectors: 1
  m_LightProbeUsage: 1
  m_ReflectionProbeUsage: 1
  m_Materials:
  - {fileID: 10754, guid: 0000000000000000f000000000000000, type: 0}
  m_StaticBatchInfo:
    firstSubMesh: 0
    subMeshCount: 0
  m_StaticBatchRoot: {fileID: 0}
  m_ProbeAnchor: {fileID: 0}
  m_LightProbeVolumeOverride: {fileID: 0}
  m_ScaleInLightmap: 1
  m_PreserveUVs: 0
  m_IgnoreNormalsForChartDetection: 0
  m_ImportantGI: 0
  m_SelectedEditorRenderState: 0
  m_MinimumChartSize: 4
  m_AutoUVMaxDistance: 0.5
  m_AutoUVMaxAngle: 89
  m_LightmapParameters: {fileID: 0}
  m_SortingLayerID: 0
  m_SortingLayer: 0
  m_SortingOrder: 0
  m_Sprite: {fileID: 21300000, guid: 58c25fd612350be4abc57ecfe64e539d, type: 3}
  m_Color: {r: 1, g: 1, b: 1, a: 1}
  m_FlipX: 0
  m_FlipY: 0
  m_DrawMode: 0
  m_Size: {x: 6.08, y: 10.8}
  m_AdaptiveModeThreshold: 0.5
  m_SpriteTileMode: 0
  m_WasSpriteAssigned: 1
  m_MaskInteraction: 0
--- !u!4 &799426660
Transform:
  m_ObjectHideFlags: 0
  m_PrefabParentObject: {fileID: 0}
  m_PrefabInternal: {fileID: 0}
  m_GameObject: {fileID: 799426658}
  m_LocalRotation: {x: -0, y: -0, z: -0, w: 1}
  m_LocalPosition: {x: 0, y: 0, z: 20}
  m_LocalScale: {x: 1, y: 1, z: 1}
  m_Children: []
  m_Father: {fileID: 558458167}
  m_RootOrder: 0
  m_LocalEulerAnglesHint: {x: 0, y: 0, z: 0}
--- !u!1001 &1056244675
Prefab:
  m_ObjectHideFlags: 0
  serializedVersion: 2
  m_Modification:
    m_TransformParent: {fileID: 1753821136}
    m_Modifications:
    - target: {fileID: 4383050125282078, guid: ac3d053f7db50a7499486a739556d33a, type: 2}
      propertyPath: m_LocalPosition.x
      value: 1.17
      objectReference: {fileID: 0}
    - target: {fileID: 4383050125282078, guid: ac3d053f7db50a7499486a739556d33a, type: 2}
      propertyPath: m_LocalPosition.y
      value: -1
      objectReference: {fileID: 0}
    - target: {fileID: 4383050125282078, guid: ac3d053f7db50a7499486a739556d33a, type: 2}
      propertyPath: m_LocalPosition.z
      value: 0
      objectReference: {fileID: 0}
    - target: {fileID: 4383050125282078, guid: ac3d053f7db50a7499486a739556d33a, type: 2}
      propertyPath: m_LocalRotation.x
      value: -0
      objectReference: {fileID: 0}
    - target: {fileID: 4383050125282078, guid: ac3d053f7db50a7499486a739556d33a, type: 2}
      propertyPath: m_LocalRotation.y
      value: -0
      objectReference: {fileID: 0}
    - target: {fileID: 4383050125282078, guid: ac3d053f7db50a7499486a739556d33a, type: 2}
      propertyPath: m_LocalRotation.z
      value: -0
      objectReference: {fileID: 0}
    - target: {fileID: 4383050125282078, guid: ac3d053f7db50a7499486a739556d33a, type: 2}
      propertyPath: m_LocalRotation.w
      value: 1
      objectReference: {fileID: 0}
    - target: {fileID: 4383050125282078, guid: ac3d053f7db50a7499486a739556d33a, type: 2}
      propertyPath: m_RootOrder
      value: 8
      objectReference: {fileID: 0}
    - target: {fileID: 212355132095185988, guid: ac3d053f7db50a7499486a739556d33a,
        type: 2}
      propertyPath: m_Enabled
      value: 1
      objectReference: {fileID: 0}
    - target: {fileID: 212676915040191964, guid: ac3d053f7db50a7499486a739556d33a,
        type: 2}
      propertyPath: m_Enabled
      value: 1
      objectReference: {fileID: 0}
    - target: {fileID: 102169514208585988, guid: ac3d053f7db50a7499486a739556d33a,
        type: 2}
      propertyPath: m_Text
      value: '6

'
      objectReference: {fileID: 0}
    - target: {fileID: 4462621665151536, guid: ac3d053f7db50a7499486a739556d33a, type: 2}
      propertyPath: m_LocalPosition.x
      value: -0.26
      objectReference: {fileID: 0}
    - target: {fileID: 212355132095185988, guid: ac3d053f7db50a7499486a739556d33a,
        type: 2}
      propertyPath: m_Sprite
      value: 
      objectReference: {fileID: 21300000, guid: bc2a34af120d70c4682b1b5a03548d08,
        type: 3}
    - target: {fileID: 212676915040191964, guid: ac3d053f7db50a7499486a739556d33a,
        type: 2}
      propertyPath: m_Sprite
      value: 
      objectReference: {fileID: 21300000, guid: 08ce29d754afe8c4394bb05d98a5552f,
        type: 3}
    - target: {fileID: 4462621665151536, guid: ac3d053f7db50a7499486a739556d33a, type: 2}
      propertyPath: m_LocalPosition.y
      value: 0.32
      objectReference: {fileID: 0}
    - target: {fileID: 4383050125282078, guid: ac3d053f7db50a7499486a739556d33a, type: 2}
      propertyPath: m_LocalScale.x
      value: 0.59999996
      objectReference: {fileID: 0}
    - target: {fileID: 4383050125282078, guid: ac3d053f7db50a7499486a739556d33a, type: 2}
      propertyPath: m_LocalScale.y
      value: 0.59999996
      objectReference: {fileID: 0}
    - target: {fileID: 102169514208585988, guid: ac3d053f7db50a7499486a739556d33a,
        type: 2}
      propertyPath: m_FontSize
      value: 80
      objectReference: {fileID: 0}
    - target: {fileID: 1625074409306276, guid: ac3d053f7db50a7499486a739556d33a, type: 2}
      propertyPath: m_Name
      value: Load Level button 6
      objectReference: {fileID: 0}
    - target: {fileID: 4126551570600880, guid: ac3d053f7db50a7499486a739556d33a, type: 2}
      propertyPath: m_RootOrder
      value: 3
      objectReference: {fileID: 0}
    - target: {fileID: 4756131583993194, guid: ac3d053f7db50a7499486a739556d33a, type: 2}
      propertyPath: m_RootOrder
      value: 4
      objectReference: {fileID: 0}
    - target: {fileID: 4624672994705938, guid: ac3d053f7db50a7499486a739556d33a, type: 2}
      propertyPath: m_RootOrder
      value: 6
      objectReference: {fileID: 0}
    - target: {fileID: 4316460668393824, guid: ac3d053f7db50a7499486a739556d33a, type: 2}
      propertyPath: m_RootOrder
      value: 5
      objectReference: {fileID: 0}
    - target: {fileID: 114720185474420974, guid: ac3d053f7db50a7499486a739556d33a,
        type: 2}
      propertyPath: levelFile
      value: 
      objectReference: {fileID: 4900000, guid: c8ccb224d5a1ac249a190193810e689f, type: 3}
    - target: {fileID: 114720185474420974, guid: ac3d053f7db50a7499486a739556d33a,
        type: 2}
      propertyPath: rounds.Array.data[0].taps
      value: 4
      objectReference: {fileID: 0}
    - target: {fileID: 114720185474420974, guid: ac3d053f7db50a7499486a739556d33a,
        type: 2}
      propertyPath: rounds.Array.data[1].taps
      value: 4
      objectReference: {fileID: 0}
    - target: {fileID: 114720185474420974, guid: ac3d053f7db50a7499486a739556d33a,
        type: 2}
      propertyPath: passingScore
      value: 4000
      objectReference: {fileID: 0}
    m_RemovedComponents: []
  m_ParentPrefab: {fileID: 100100000, guid: ac3d053f7db50a7499486a739556d33a, type: 2}
  m_IsPrefabParent: 0
--- !u!4 &1056244676 stripped
Transform:
  m_PrefabParentObject: {fileID: 4383050125282078, guid: ac3d053f7db50a7499486a739556d33a,
    type: 2}
  m_PrefabInternal: {fileID: 1056244675}
--- !u!114 &1056244677 stripped
MonoBehaviour:
  m_PrefabParentObject: {fileID: 114720185474420974, guid: ac3d053f7db50a7499486a739556d33a,
    type: 2}
  m_PrefabInternal: {fileID: 1056244675}
  m_Script: {fileID: 11500000, guid: 192b4b5a94b622141bc3bf23ab5f7e8f, type: 3}
--- !u!1 &1070419596
GameObject:
  m_ObjectHideFlags: 0
  m_PrefabParentObject: {fileID: 0}
  m_PrefabInternal: {fileID: 0}
  serializedVersion: 5
  m_Component:
  - component: {fileID: 1070419597}
  - component: {fileID: 1070419599}
  - component: {fileID: 1070419598}
  m_Layer: 0
  m_Name: LEVELS
  m_TagString: Untagged
  m_Icon: {fileID: 0}
  m_NavMeshLayer: 0
  m_StaticEditorFlags: 0
  m_IsActive: 1
--- !u!4 &1070419597
Transform:
  m_ObjectHideFlags: 0
  m_PrefabParentObject: {fileID: 0}
  m_PrefabInternal: {fileID: 0}
  m_GameObject: {fileID: 1070419596}
  m_LocalRotation: {x: 0, y: 0, z: 0, w: 1}
  m_LocalPosition: {x: -1, y: 1.86, z: 0}
  m_LocalScale: {x: 1, y: 1, z: 1}
  m_Children: []
  m_Father: {fileID: 1753821136}
  m_RootOrder: 1
  m_LocalEulerAnglesHint: {x: 0, y: 0, z: 0}
--- !u!102 &1070419598
TextMesh:
  serializedVersion: 3
  m_ObjectHideFlags: 0
  m_PrefabParentObject: {fileID: 0}
  m_PrefabInternal: {fileID: 0}
  m_GameObject: {fileID: 1070419596}
  m_Text: LEVELS
  m_OffsetZ: 0
  m_CharacterSize: 0.1
  m_LineSpacing: 1
  m_Anchor: 0
  m_Alignment: 0
  m_TabSize: 4
  m_FontSize: 60
  m_FontStyle: 0
  m_RichText: 1
  m_Font: {fileID: 12800000, guid: e011e46731cc8f04f9bd09bb1443f9e9, type: 3}
  m_Color:
    serializedVersion: 2
    rgba: 4294967295
--- !u!23 &1070419599
MeshRenderer:
  m_ObjectHideFlags: 0
  m_PrefabParentObject: {fileID: 0}
  m_PrefabInternal: {fileID: 0}
  m_GameObject: {fileID: 1070419596}
  m_Enabled: 1
  m_CastShadows: 1
  m_ReceiveShadows: 1
  m_MotionVectors: 1
  m_LightProbeUsage: 1
  m_ReflectionProbeUsage: 1
  m_Materials:
  - {fileID: 2100000, guid: e011e46731cc8f04f9bd09bb1443f9e9, type: 3}
  m_StaticBatchInfo:
    firstSubMesh: 0
    subMeshCount: 0
  m_StaticBatchRoot: {fileID: 0}
  m_ProbeAnchor: {fileID: 0}
  m_LightProbeVolumeOverride: {fileID: 0}
  m_ScaleInLightmap: 1
  m_PreserveUVs: 0
  m_IgnoreNormalsForChartDetection: 0
  m_ImportantGI: 0
  m_SelectedEditorRenderState: 3
  m_MinimumChartSize: 4
  m_AutoUVMaxDistance: 0.5
  m_AutoUVMaxAngle: 89
  m_LightmapParameters: {fileID: 0}
  m_SortingLayerID: 0
  m_SortingLayer: 0
  m_SortingOrder: 0
--- !u!1001 &1158694837
Prefab:
  m_ObjectHideFlags: 0
  serializedVersion: 2
  m_Modification:
    m_TransformParent: {fileID: 1753821136}
    m_Modifications:
    - target: {fileID: 114720185474420974, guid: ac3d053f7db50a7499486a739556d33a,
        type: 2}
      propertyPath: rounds.Array.size
      value: 3
      objectReference: {fileID: 0}
    - target: {fileID: 114720185474420974, guid: ac3d053f7db50a7499486a739556d33a,
        type: 2}
      propertyPath: rounds.Array.data[2].order.Array.size
      value: 5
      objectReference: {fileID: 0}
    - target: {fileID: 4383050125282078, guid: ac3d053f7db50a7499486a739556d33a, type: 2}
      propertyPath: m_LocalPosition.x
      value: 0.06
      objectReference: {fileID: 0}
    - target: {fileID: 4383050125282078, guid: ac3d053f7db50a7499486a739556d33a, type: 2}
      propertyPath: m_LocalPosition.y
      value: -1
      objectReference: {fileID: 0}
    - target: {fileID: 4383050125282078, guid: ac3d053f7db50a7499486a739556d33a, type: 2}
      propertyPath: m_LocalPosition.z
      value: 0
      objectReference: {fileID: 0}
    - target: {fileID: 4383050125282078, guid: ac3d053f7db50a7499486a739556d33a, type: 2}
      propertyPath: m_LocalRotation.x
      value: -0
      objectReference: {fileID: 0}
    - target: {fileID: 4383050125282078, guid: ac3d053f7db50a7499486a739556d33a, type: 2}
      propertyPath: m_LocalRotation.y
      value: -0
      objectReference: {fileID: 0}
    - target: {fileID: 4383050125282078, guid: ac3d053f7db50a7499486a739556d33a, type: 2}
      propertyPath: m_LocalRotation.z
      value: -0
      objectReference: {fileID: 0}
    - target: {fileID: 4383050125282078, guid: ac3d053f7db50a7499486a739556d33a, type: 2}
      propertyPath: m_LocalRotation.w
      value: 1
      objectReference: {fileID: 0}
    - target: {fileID: 4383050125282078, guid: ac3d053f7db50a7499486a739556d33a, type: 2}
      propertyPath: m_RootOrder
      value: 7
      objectReference: {fileID: 0}
    - target: {fileID: 212355132095185988, guid: ac3d053f7db50a7499486a739556d33a,
        type: 2}
      propertyPath: m_Enabled
      value: 1
      objectReference: {fileID: 0}
    - target: {fileID: 212676915040191964, guid: ac3d053f7db50a7499486a739556d33a,
        type: 2}
      propertyPath: m_Enabled
      value: 1
      objectReference: {fileID: 0}
    - target: {fileID: 102169514208585988, guid: ac3d053f7db50a7499486a739556d33a,
        type: 2}
      propertyPath: m_Text
      value: 5
      objectReference: {fileID: 0}
    - target: {fileID: 4462621665151536, guid: ac3d053f7db50a7499486a739556d33a, type: 2}
      propertyPath: m_LocalPosition.x
      value: -0.26
      objectReference: {fileID: 0}
    - target: {fileID: 212355132095185988, guid: ac3d053f7db50a7499486a739556d33a,
        type: 2}
      propertyPath: m_Sprite
      value: 
      objectReference: {fileID: 21300000, guid: bc2a34af120d70c4682b1b5a03548d08,
        type: 3}
    - target: {fileID: 212676915040191964, guid: ac3d053f7db50a7499486a739556d33a,
        type: 2}
      propertyPath: m_Sprite
      value: 
      objectReference: {fileID: 21300000, guid: 08ce29d754afe8c4394bb05d98a5552f,
        type: 3}
    - target: {fileID: 4462621665151536, guid: ac3d053f7db50a7499486a739556d33a, type: 2}
      propertyPath: m_LocalPosition.y
      value: 0.32
      objectReference: {fileID: 0}
    - target: {fileID: 4383050125282078, guid: ac3d053f7db50a7499486a739556d33a, type: 2}
      propertyPath: m_LocalScale.x
      value: 0.59999996
      objectReference: {fileID: 0}
    - target: {fileID: 4383050125282078, guid: ac3d053f7db50a7499486a739556d33a, type: 2}
      propertyPath: m_LocalScale.y
      value: 0.59999996
      objectReference: {fileID: 0}
    - target: {fileID: 102169514208585988, guid: ac3d053f7db50a7499486a739556d33a,
        type: 2}
      propertyPath: m_FontSize
      value: 80
      objectReference: {fileID: 0}
    - target: {fileID: 1625074409306276, guid: ac3d053f7db50a7499486a739556d33a, type: 2}
      propertyPath: m_Name
      value: Load Level button 5
      objectReference: {fileID: 0}
    - target: {fileID: 4126551570600880, guid: ac3d053f7db50a7499486a739556d33a, type: 2}
      propertyPath: m_RootOrder
      value: 3
      objectReference: {fileID: 0}
    - target: {fileID: 4316460668393824, guid: ac3d053f7db50a7499486a739556d33a, type: 2}
      propertyPath: m_RootOrder
      value: 5
      objectReference: {fileID: 0}
    - target: {fileID: 4756131583993194, guid: ac3d053f7db50a7499486a739556d33a, type: 2}
      propertyPath: m_RootOrder
      value: 4
      objectReference: {fileID: 0}
    - target: {fileID: 4624672994705938, guid: ac3d053f7db50a7499486a739556d33a, type: 2}
      propertyPath: m_RootOrder
      value: 6
      objectReference: {fileID: 0}
    - target: {fileID: 114720185474420974, guid: ac3d053f7db50a7499486a739556d33a,
        type: 2}
      propertyPath: levelFile
      value: 
      objectReference: {fileID: 4900000, guid: 49adef35c2b35424b8ffdcdea6c00c22, type: 3}
    - target: {fileID: 114720185474420974, guid: ac3d053f7db50a7499486a739556d33a,
        type: 2}
      propertyPath: rounds.Array.data[2].order.Array.data[0]
      value: 1
      objectReference: {fileID: 0}
    - target: {fileID: 114720185474420974, guid: ac3d053f7db50a7499486a739556d33a,
        type: 2}
      propertyPath: rounds.Array.data[2].order.Array.data[1]
      value: 2
      objectReference: {fileID: 0}
    - target: {fileID: 114720185474420974, guid: ac3d053f7db50a7499486a739556d33a,
        type: 2}
      propertyPath: rounds.Array.data[2].order.Array.data[2]
      value: 3
      objectReference: {fileID: 0}
    - target: {fileID: 114720185474420974, guid: ac3d053f7db50a7499486a739556d33a,
        type: 2}
      propertyPath: rounds.Array.data[2].order.Array.data[3]
      value: 4
      objectReference: {fileID: 0}
    - target: {fileID: 114720185474420974, guid: ac3d053f7db50a7499486a739556d33a,
        type: 2}
      propertyPath: rounds.Array.data[2].order.Array.data[4]
      value: 5
      objectReference: {fileID: 0}
    - target: {fileID: 114720185474420974, guid: ac3d053f7db50a7499486a739556d33a,
        type: 2}
      propertyPath: rounds.Array.data[2].taps
      value: 7
      objectReference: {fileID: 0}
    - target: {fileID: 114720185474420974, guid: ac3d053f7db50a7499486a739556d33a,
        type: 2}
      propertyPath: rounds.Array.data[0].taps
      value: 5
      objectReference: {fileID: 0}
    - target: {fileID: 114720185474420974, guid: ac3d053f7db50a7499486a739556d33a,
        type: 2}
      propertyPath: rounds.Array.data[1].taps
      value: 5
      objectReference: {fileID: 0}
    - target: {fileID: 114720185474420974, guid: ac3d053f7db50a7499486a739556d33a,
        type: 2}
      propertyPath: passingScore
      value: 9000
      objectReference: {fileID: 0}
    m_RemovedComponents: []
  m_ParentPrefab: {fileID: 100100000, guid: ac3d053f7db50a7499486a739556d33a, type: 2}
  m_IsPrefabParent: 0
--- !u!4 &1158694838 stripped
Transform:
  m_PrefabParentObject: {fileID: 4383050125282078, guid: ac3d053f7db50a7499486a739556d33a,
    type: 2}
  m_PrefabInternal: {fileID: 1158694837}
--- !u!114 &1158694839 stripped
MonoBehaviour:
  m_PrefabParentObject: {fileID: 114720185474420974, guid: ac3d053f7db50a7499486a739556d33a,
    type: 2}
  m_PrefabInternal: {fileID: 1158694837}
  m_Script: {fileID: 11500000, guid: 192b4b5a94b622141bc3bf23ab5f7e8f, type: 3}
--- !u!1001 &1428466347
Prefab:
  m_ObjectHideFlags: 0
  serializedVersion: 2
  m_Modification:
    m_TransformParent: {fileID: 1753821136}
    m_Modifications:
    - target: {fileID: 4135798461014264, guid: 8ac1817781fc26b4c9a5a66b352acf46, type: 2}
      propertyPath: m_LocalPosition.x
      value: 1.25
      objectReference: {fileID: 0}
    - target: {fileID: 4135798461014264, guid: 8ac1817781fc26b4c9a5a66b352acf46, type: 2}
      propertyPath: m_LocalPosition.y
      value: -4.53
      objectReference: {fileID: 0}
    - target: {fileID: 4135798461014264, guid: 8ac1817781fc26b4c9a5a66b352acf46, type: 2}
      propertyPath: m_LocalPosition.z
      value: -1
      objectReference: {fileID: 0}
    - target: {fileID: 4135798461014264, guid: 8ac1817781fc26b4c9a5a66b352acf46, type: 2}
      propertyPath: m_LocalRotation.x
      value: -0
      objectReference: {fileID: 0}
    - target: {fileID: 4135798461014264, guid: 8ac1817781fc26b4c9a5a66b352acf46, type: 2}
      propertyPath: m_LocalRotation.y
      value: -0
      objectReference: {fileID: 0}
    - target: {fileID: 4135798461014264, guid: 8ac1817781fc26b4c9a5a66b352acf46, type: 2}
      propertyPath: m_LocalRotation.z
      value: -0
      objectReference: {fileID: 0}
    - target: {fileID: 4135798461014264, guid: 8ac1817781fc26b4c9a5a66b352acf46, type: 2}
      propertyPath: m_LocalRotation.w
      value: 1
      objectReference: {fileID: 0}
    - target: {fileID: 4135798461014264, guid: 8ac1817781fc26b4c9a5a66b352acf46, type: 2}
      propertyPath: m_RootOrder
      value: 9
      objectReference: {fileID: 0}
    - target: {fileID: 1080058789206940, guid: 8ac1817781fc26b4c9a5a66b352acf46, type: 2}
      propertyPath: m_Name
      value: Scene Transition Button
      objectReference: {fileID: 0}
    - target: {fileID: 102143987823241814, guid: 8ac1817781fc26b4c9a5a66b352acf46,
        type: 2}
      propertyPath: m_Text
      value: Back
      objectReference: {fileID: 0}
    - target: {fileID: 4457815384836530, guid: 8ac1817781fc26b4c9a5a66b352acf46, type: 2}
      propertyPath: m_LocalPosition.x
      value: -0.51
      objectReference: {fileID: 0}
    - target: {fileID: 4457815384836530, guid: 8ac1817781fc26b4c9a5a66b352acf46, type: 2}
      propertyPath: m_LocalPosition.y
      value: 0.13
      objectReference: {fileID: 0}
    - target: {fileID: 114717996018808652, guid: 8ac1817781fc26b4c9a5a66b352acf46,
        type: 2}
      propertyPath: scene
      value: 2
      objectReference: {fileID: 0}
    m_RemovedComponents: []
  m_ParentPrefab: {fileID: 100100000, guid: 8ac1817781fc26b4c9a5a66b352acf46, type: 2}
  m_IsPrefabParent: 0
--- !u!4 &1591621582 stripped
Transform:
  m_PrefabParentObject: {fileID: 4135798461014264, guid: 8ac1817781fc26b4c9a5a66b352acf46,
    type: 2}
  m_PrefabInternal: {fileID: 1428466347}
--- !u!1 &1610554359
GameObject:
  m_ObjectHideFlags: 0
  m_PrefabParentObject: {fileID: 0}
  m_PrefabInternal: {fileID: 0}
  serializedVersion: 5
  m_Component:
  - component: {fileID: 1610554360}
  - component: {fileID: 1610554361}
  m_Layer: 0
  m_Name: WorldIcon-BasicWorld
  m_TagString: Untagged
  m_Icon: {fileID: 0}
  m_NavMeshLayer: 0
  m_StaticEditorFlags: 0
  m_IsActive: 1
--- !u!4 &1610554360
Transform:
  m_ObjectHideFlags: 0
  m_PrefabParentObject: {fileID: 0}
  m_PrefabInternal: {fileID: 0}
  m_GameObject: {fileID: 1610554359}
  m_LocalRotation: {x: -0, y: -0, z: -0, w: 1}
  m_LocalPosition: {x: 0, y: 3.2, z: 0}
  m_LocalScale: {x: 1, y: 1, z: 1}
  m_Children: []
  m_Father: {fileID: 1753821136}
  m_RootOrder: 0
  m_LocalEulerAnglesHint: {x: 0, y: 0, z: 0}
--- !u!212 &1610554361
SpriteRenderer:
  m_ObjectHideFlags: 0
  m_PrefabParentObject: {fileID: 0}
  m_PrefabInternal: {fileID: 0}
  m_GameObject: {fileID: 1610554359}
  m_Enabled: 1
  m_CastShadows: 0
  m_ReceiveShadows: 0
  m_MotionVectors: 1
  m_LightProbeUsage: 1
  m_ReflectionProbeUsage: 1
  m_Materials:
  - {fileID: 10754, guid: 0000000000000000f000000000000000, type: 0}
  m_StaticBatchInfo:
    firstSubMesh: 0
    subMeshCount: 0
  m_StaticBatchRoot: {fileID: 0}
  m_ProbeAnchor: {fileID: 0}
  m_LightProbeVolumeOverride: {fileID: 0}
  m_ScaleInLightmap: 1
  m_PreserveUVs: 0
  m_IgnoreNormalsForChartDetection: 0
  m_ImportantGI: 0
  m_SelectedEditorRenderState: 0
  m_MinimumChartSize: 4
  m_AutoUVMaxDistance: 0.5
  m_AutoUVMaxAngle: 89
  m_LightmapParameters: {fileID: 0}
  m_SortingLayerID: 0
  m_SortingLayer: 0
  m_SortingOrder: 0
  m_Sprite: {fileID: 21300000, guid: 71e8c520abb08bc418ebaee856b1382d, type: 3}
  m_Color: {r: 1, g: 1, b: 1, a: 1}
  m_FlipX: 0
  m_FlipY: 0
  m_DrawMode: 0
  m_Size: {x: 1.8, y: 1.8}
  m_AdaptiveModeThreshold: 0.5
  m_SpriteTileMode: 0
  m_WasSpriteAssigned: 1
  m_MaskInteraction: 0
--- !u!1001 &1668487773
Prefab:
  m_ObjectHideFlags: 0
  serializedVersion: 2
  m_Modification:
    m_TransformParent: {fileID: 1753821136}
    m_Modifications:
    - target: {fileID: 114720185474420974, guid: ac3d053f7db50a7499486a739556d33a,
        type: 2}
      propertyPath: rounds.Array.size
      value: 3
      objectReference: {fileID: 0}
    - target: {fileID: 114720185474420974, guid: ac3d053f7db50a7499486a739556d33a,
        type: 2}
      propertyPath: rounds.Array.data[2].order.Array.size
      value: 5
      objectReference: {fileID: 0}
    - target: {fileID: 4383050125282078, guid: ac3d053f7db50a7499486a739556d33a, type: 2}
      propertyPath: m_LocalPosition.x
      value: -1.05
      objectReference: {fileID: 0}
    - target: {fileID: 4383050125282078, guid: ac3d053f7db50a7499486a739556d33a, type: 2}
      propertyPath: m_LocalPosition.y
      value: -1
      objectReference: {fileID: 0}
    - target: {fileID: 4383050125282078, guid: ac3d053f7db50a7499486a739556d33a, type: 2}
      propertyPath: m_LocalPosition.z
      value: 0
      objectReference: {fileID: 0}
    - target: {fileID: 4383050125282078, guid: ac3d053f7db50a7499486a739556d33a, type: 2}
      propertyPath: m_LocalRotation.x
      value: -0
      objectReference: {fileID: 0}
    - target: {fileID: 4383050125282078, guid: ac3d053f7db50a7499486a739556d33a, type: 2}
      propertyPath: m_LocalRotation.y
      value: -0
      objectReference: {fileID: 0}
    - target: {fileID: 4383050125282078, guid: ac3d053f7db50a7499486a739556d33a, type: 2}
      propertyPath: m_LocalRotation.z
      value: -0
      objectReference: {fileID: 0}
    - target: {fileID: 4383050125282078, guid: ac3d053f7db50a7499486a739556d33a, type: 2}
      propertyPath: m_LocalRotation.w
      value: 1
      objectReference: {fileID: 0}
    - target: {fileID: 4383050125282078, guid: ac3d053f7db50a7499486a739556d33a, type: 2}
      propertyPath: m_RootOrder
      value: 6
      objectReference: {fileID: 0}
    - target: {fileID: 212355132095185988, guid: ac3d053f7db50a7499486a739556d33a,
        type: 2}
      propertyPath: m_Enabled
      value: 1
      objectReference: {fileID: 0}
    - target: {fileID: 212676915040191964, guid: ac3d053f7db50a7499486a739556d33a,
        type: 2}
      propertyPath: m_Enabled
      value: 1
      objectReference: {fileID: 0}
    - target: {fileID: 102169514208585988, guid: ac3d053f7db50a7499486a739556d33a,
        type: 2}
      propertyPath: m_Text
      value: '4

'
      objectReference: {fileID: 0}
    - target: {fileID: 4462621665151536, guid: ac3d053f7db50a7499486a739556d33a, type: 2}
      propertyPath: m_LocalPosition.x
      value: -0.26
      objectReference: {fileID: 0}
    - target: {fileID: 212355132095185988, guid: ac3d053f7db50a7499486a739556d33a,
        type: 2}
      propertyPath: m_Sprite
      value: 
      objectReference: {fileID: 21300000, guid: bc2a34af120d70c4682b1b5a03548d08,
        type: 3}
    - target: {fileID: 212676915040191964, guid: ac3d053f7db50a7499486a739556d33a,
        type: 2}
      propertyPath: m_Sprite
      value: 
      objectReference: {fileID: 21300000, guid: 08ce29d754afe8c4394bb05d98a5552f,
        type: 3}
    - target: {fileID: 4462621665151536, guid: ac3d053f7db50a7499486a739556d33a, type: 2}
      propertyPath: m_LocalPosition.y
      value: 0.32
      objectReference: {fileID: 0}
    - target: {fileID: 4383050125282078, guid: ac3d053f7db50a7499486a739556d33a, type: 2}
      propertyPath: m_LocalScale.x
      value: 0.59999996
      objectReference: {fileID: 0}
    - target: {fileID: 4383050125282078, guid: ac3d053f7db50a7499486a739556d33a, type: 2}
      propertyPath: m_LocalScale.y
      value: 0.59999996
      objectReference: {fileID: 0}
    - target: {fileID: 102169514208585988, guid: ac3d053f7db50a7499486a739556d33a,
        type: 2}
      propertyPath: m_FontSize
      value: 80
      objectReference: {fileID: 0}
    - target: {fileID: 1625074409306276, guid: ac3d053f7db50a7499486a739556d33a, type: 2}
      propertyPath: m_Name
      value: Load Level button 4
      objectReference: {fileID: 0}
    - target: {fileID: 4126551570600880, guid: ac3d053f7db50a7499486a739556d33a, type: 2}
      propertyPath: m_RootOrder
      value: 3
      objectReference: {fileID: 0}
    - target: {fileID: 4316460668393824, guid: ac3d053f7db50a7499486a739556d33a, type: 2}
      propertyPath: m_RootOrder
      value: 5
      objectReference: {fileID: 0}
    - target: {fileID: 4624672994705938, guid: ac3d053f7db50a7499486a739556d33a, type: 2}
      propertyPath: m_RootOrder
      value: 6
      objectReference: {fileID: 0}
    - target: {fileID: 4756131583993194, guid: ac3d053f7db50a7499486a739556d33a, type: 2}
      propertyPath: m_RootOrder
      value: 4
      objectReference: {fileID: 0}
    - target: {fileID: 114720185474420974, guid: ac3d053f7db50a7499486a739556d33a,
        type: 2}
      propertyPath: levelFile
      value: 
      objectReference: {fileID: 4900000, guid: d193e1a5b8e5b6346b665216b39ee079, type: 3}
    - target: {fileID: 114720185474420974, guid: ac3d053f7db50a7499486a739556d33a,
        type: 2}
      propertyPath: rounds.Array.data[2].order.Array.data[0]
      value: 1
      objectReference: {fileID: 0}
    - target: {fileID: 114720185474420974, guid: ac3d053f7db50a7499486a739556d33a,
        type: 2}
      propertyPath: rounds.Array.data[2].order.Array.data[1]
      value: 2
      objectReference: {fileID: 0}
    - target: {fileID: 114720185474420974, guid: ac3d053f7db50a7499486a739556d33a,
        type: 2}
      propertyPath: rounds.Array.data[2].order.Array.data[2]
      value: 3
      objectReference: {fileID: 0}
    - target: {fileID: 114720185474420974, guid: ac3d053f7db50a7499486a739556d33a,
        type: 2}
      propertyPath: rounds.Array.data[2].order.Array.data[3]
      value: 4
      objectReference: {fileID: 0}
    - target: {fileID: 114720185474420974, guid: ac3d053f7db50a7499486a739556d33a,
        type: 2}
      propertyPath: rounds.Array.data[2].order.Array.data[4]
      value: 5
      objectReference: {fileID: 0}
    - target: {fileID: 114720185474420974, guid: ac3d053f7db50a7499486a739556d33a,
        type: 2}
      propertyPath: rounds.Array.data[2].taps
      value: 7
      objectReference: {fileID: 0}
    - target: {fileID: 114720185474420974, guid: ac3d053f7db50a7499486a739556d33a,
        type: 2}
      propertyPath: rounds.Array.data[0].taps
      value: 5
      objectReference: {fileID: 0}
    - target: {fileID: 114720185474420974, guid: ac3d053f7db50a7499486a739556d33a,
        type: 2}
      propertyPath: rounds.Array.data[1].taps
      value: 5
      objectReference: {fileID: 0}
    - target: {fileID: 114720185474420974, guid: ac3d053f7db50a7499486a739556d33a,
        type: 2}
      propertyPath: passingScore
      value: 6000
      objectReference: {fileID: 0}
    m_RemovedComponents: []
  m_ParentPrefab: {fileID: 100100000, guid: ac3d053f7db50a7499486a739556d33a, type: 2}
  m_IsPrefabParent: 0
--- !u!4 &1668487774 stripped
Transform:
  m_PrefabParentObject: {fileID: 4383050125282078, guid: ac3d053f7db50a7499486a739556d33a,
    type: 2}
  m_PrefabInternal: {fileID: 1668487773}
--- !u!114 &1668487775 stripped
MonoBehaviour:
  m_PrefabParentObject: {fileID: 114720185474420974, guid: ac3d053f7db50a7499486a739556d33a,
    type: 2}
  m_PrefabInternal: {fileID: 1668487773}
  m_Script: {fileID: 11500000, guid: 192b4b5a94b622141bc3bf23ab5f7e8f, type: 3}
--- !u!1 &1753821135
GameObject:
  m_ObjectHideFlags: 0
  m_PrefabParentObject: {fileID: 0}
  m_PrefabInternal: {fileID: 0}
  serializedVersion: 5
  m_Component:
  - component: {fileID: 1753821136}
  m_Layer: 0
  m_Name: GameObject
  m_TagString: Untagged
  m_Icon: {fileID: 0}
  m_NavMeshLayer: 0
  m_StaticEditorFlags: 0
  m_IsActive: 1
--- !u!4 &1753821136
Transform:
  m_ObjectHideFlags: 0
  m_PrefabParentObject: {fileID: 0}
  m_PrefabInternal: {fileID: 0}
  m_GameObject: {fileID: 1753821135}
  m_LocalRotation: {x: -0, y: -0, z: -0, w: 1}
  m_LocalPosition: {x: -0.06429213, y: 0.1364694, z: -1}
  m_LocalScale: {x: 1, y: 1, z: 1}
  m_Children:
  - {fileID: 1610554360}
  - {fileID: 1070419597}
  - {fileID: 421334892}
  - {fileID: 773974777}
  - {fileID: 1774925212}
  - {fileID: 2134301350}
  - {fileID: 1668487774}
  - {fileID: 1158694838}
  - {fileID: 1056244676}
  - {fileID: 1591621582}
  m_Father: {fileID: 0}
  m_RootOrder: 2
  m_LocalEulerAnglesHint: {x: 0, y: 0, z: 0}
--- !u!1001 &1774925211
Prefab:
  m_ObjectHideFlags: 0
  serializedVersion: 2
  m_Modification:
    m_TransformParent: {fileID: 1753821136}
    m_Modifications:
    - target: {fileID: 114720185474420974, guid: ac3d053f7db50a7499486a739556d33a,
        type: 2}
      propertyPath: rounds.Array.size
      value: 3
      objectReference: {fileID: 0}
    - target: {fileID: 114720185474420974, guid: ac3d053f7db50a7499486a739556d33a,
        type: 2}
      propertyPath: rounds.Array.data[2].order.Array.size
      value: 5
      objectReference: {fileID: 0}
    - target: {fileID: 4383050125282078, guid: ac3d053f7db50a7499486a739556d33a, type: 2}
      propertyPath: m_LocalPosition.x
      value: 0.06
      objectReference: {fileID: 0}
    - target: {fileID: 4383050125282078, guid: ac3d053f7db50a7499486a739556d33a, type: 2}
      propertyPath: m_LocalPosition.y
      value: 0.6
      objectReference: {fileID: 0}
    - target: {fileID: 4383050125282078, guid: ac3d053f7db50a7499486a739556d33a, type: 2}
      propertyPath: m_LocalPosition.z
      value: 0
      objectReference: {fileID: 0}
    - target: {fileID: 4383050125282078, guid: ac3d053f7db50a7499486a739556d33a, type: 2}
      propertyPath: m_LocalRotation.x
      value: -0
      objectReference: {fileID: 0}
    - target: {fileID: 4383050125282078, guid: ac3d053f7db50a7499486a739556d33a, type: 2}
      propertyPath: m_LocalRotation.y
      value: -0
      objectReference: {fileID: 0}
    - target: {fileID: 4383050125282078, guid: ac3d053f7db50a7499486a739556d33a, type: 2}
      propertyPath: m_LocalRotation.z
      value: -0
      objectReference: {fileID: 0}
    - target: {fileID: 4383050125282078, guid: ac3d053f7db50a7499486a739556d33a, type: 2}
      propertyPath: m_LocalRotation.w
      value: 1
      objectReference: {fileID: 0}
    - target: {fileID: 4383050125282078, guid: ac3d053f7db50a7499486a739556d33a, type: 2}
      propertyPath: m_RootOrder
      value: 4
      objectReference: {fileID: 0}
    - target: {fileID: 212355132095185988, guid: ac3d053f7db50a7499486a739556d33a,
        type: 2}
      propertyPath: m_Enabled
      value: 1
      objectReference: {fileID: 0}
    - target: {fileID: 212676915040191964, guid: ac3d053f7db50a7499486a739556d33a,
        type: 2}
      propertyPath: m_Enabled
      value: 1
      objectReference: {fileID: 0}
    - target: {fileID: 102169514208585988, guid: ac3d053f7db50a7499486a739556d33a,
        type: 2}
      propertyPath: m_Text
      value: '2

'
      objectReference: {fileID: 0}
    - target: {fileID: 4462621665151536, guid: ac3d053f7db50a7499486a739556d33a, type: 2}
      propertyPath: m_LocalPosition.x
      value: -0.26
      objectReference: {fileID: 0}
    - target: {fileID: 212355132095185988, guid: ac3d053f7db50a7499486a739556d33a,
        type: 2}
      propertyPath: m_Sprite
      value: 
      objectReference: {fileID: 21300000, guid: bc2a34af120d70c4682b1b5a03548d08,
        type: 3}
    - target: {fileID: 212676915040191964, guid: ac3d053f7db50a7499486a739556d33a,
        type: 2}
      propertyPath: m_Sprite
      value: 
      objectReference: {fileID: 21300000, guid: 08ce29d754afe8c4394bb05d98a5552f,
        type: 3}
    - target: {fileID: 4462621665151536, guid: ac3d053f7db50a7499486a739556d33a, type: 2}
      propertyPath: m_LocalPosition.y
      value: 0.32
      objectReference: {fileID: 0}
    - target: {fileID: 4383050125282078, guid: ac3d053f7db50a7499486a739556d33a, type: 2}
      propertyPath: m_LocalScale.x
      value: 0.59999996
      objectReference: {fileID: 0}
    - target: {fileID: 4383050125282078, guid: ac3d053f7db50a7499486a739556d33a, type: 2}
      propertyPath: m_LocalScale.y
      value: 0.59999996
      objectReference: {fileID: 0}
    - target: {fileID: 102169514208585988, guid: ac3d053f7db50a7499486a739556d33a,
        type: 2}
      propertyPath: m_FontSize
      value: 80
      objectReference: {fileID: 0}
    - target: {fileID: 1625074409306276, guid: ac3d053f7db50a7499486a739556d33a, type: 2}
      propertyPath: m_Name
      value: Load Level button 2
      objectReference: {fileID: 0}
    - target: {fileID: 4126551570600880, guid: ac3d053f7db50a7499486a739556d33a, type: 2}
      propertyPath: m_RootOrder
      value: 3
      objectReference: {fileID: 0}
    - target: {fileID: 4316460668393824, guid: ac3d053f7db50a7499486a739556d33a, type: 2}
      propertyPath: m_RootOrder
      value: 5
      objectReference: {fileID: 0}
    - target: {fileID: 4624672994705938, guid: ac3d053f7db50a7499486a739556d33a, type: 2}
      propertyPath: m_RootOrder
      value: 6
      objectReference: {fileID: 0}
    - target: {fileID: 4756131583993194, guid: ac3d053f7db50a7499486a739556d33a, type: 2}
      propertyPath: m_RootOrder
      value: 4
      objectReference: {fileID: 0}
    - target: {fileID: 114720185474420974, guid: ac3d053f7db50a7499486a739556d33a,
        type: 2}
      propertyPath: levelFile
      value: 
      objectReference: {fileID: 4900000, guid: 3a2861188a44fdc498df89cbfa70eb7c, type: 3}
    - target: {fileID: 114720185474420974, guid: ac3d053f7db50a7499486a739556d33a,
        type: 2}
      propertyPath: rounds.Array.data[2].order.Array.data[0]
      value: 3
      objectReference: {fileID: 0}
    - target: {fileID: 114720185474420974, guid: ac3d053f7db50a7499486a739556d33a,
        type: 2}
      propertyPath: rounds.Array.data[2].order.Array.data[1]
      value: 4
      objectReference: {fileID: 0}
    - target: {fileID: 114720185474420974, guid: ac3d053f7db50a7499486a739556d33a,
        type: 2}
      propertyPath: rounds.Array.data[2].order.Array.data[2]
      value: 5
      objectReference: {fileID: 0}
    - target: {fileID: 114720185474420974, guid: ac3d053f7db50a7499486a739556d33a,
        type: 2}
      propertyPath: rounds.Array.data[2].order.Array.data[3]
      value: 1
      objectReference: {fileID: 0}
    - target: {fileID: 114720185474420974, guid: ac3d053f7db50a7499486a739556d33a,
        type: 2}
      propertyPath: rounds.Array.data[2].order.Array.data[4]
      value: 2
      objectReference: {fileID: 0}
    - target: {fileID: 114720185474420974, guid: ac3d053f7db50a7499486a739556d33a,
        type: 2}
      propertyPath: rounds.Array.data[2].taps
      value: 7
      objectReference: {fileID: 0}
    - target: {fileID: 114720185474420974, guid: ac3d053f7db50a7499486a739556d33a,
        type: 2}
      propertyPath: rounds.Array.data[0].taps
      value: 5
      objectReference: {fileID: 0}
    - target: {fileID: 114720185474420974, guid: ac3d053f7db50a7499486a739556d33a,
        type: 2}
      propertyPath: rounds.Array.data[1].taps
      value: 5
      objectReference: {fileID: 0}
    - target: {fileID: 114720185474420974, guid: ac3d053f7db50a7499486a739556d33a,
        type: 2}
      propertyPath: rounds.Array.data[0].order.Array.data[0]
      value: 3
      objectReference: {fileID: 0}
    - target: {fileID: 114720185474420974, guid: ac3d053f7db50a7499486a739556d33a,
        type: 2}
      propertyPath: rounds.Array.data[0].order.Array.data[1]
      value: 4
      objectReference: {fileID: 0}
    - target: {fileID: 114720185474420974, guid: ac3d053f7db50a7499486a739556d33a,
        type: 2}
      propertyPath: rounds.Array.data[0].order.Array.data[2]
      value: 5
      objectReference: {fileID: 0}
    - target: {fileID: 114720185474420974, guid: ac3d053f7db50a7499486a739556d33a,
        type: 2}
      propertyPath: rounds.Array.data[0].order.Array.data[3]
      value: 1
      objectReference: {fileID: 0}
    - target: {fileID: 114720185474420974, guid: ac3d053f7db50a7499486a739556d33a,
        type: 2}
      propertyPath: rounds.Array.data[0].order.Array.data[4]
      value: 2
      objectReference: {fileID: 0}
    - target: {fileID: 114720185474420974, guid: ac3d053f7db50a7499486a739556d33a,
        type: 2}
      propertyPath: rounds.Array.data[1].order.Array.data[0]
      value: 3
      objectReference: {fileID: 0}
    - target: {fileID: 114720185474420974, guid: ac3d053f7db50a7499486a739556d33a,
        type: 2}
      propertyPath: rounds.Array.data[1].order.Array.data[1]
      value: 2
      objectReference: {fileID: 0}
    - target: {fileID: 114720185474420974, guid: ac3d053f7db50a7499486a739556d33a,
        type: 2}
      propertyPath: rounds.Array.data[1].order.Array.data[2]
      value: 1
      objectReference: {fileID: 0}
    - target: {fileID: 114720185474420974, guid: ac3d053f7db50a7499486a739556d33a,
        type: 2}
      propertyPath: rounds.Array.data[1].order.Array.data[3]
      value: 4
      objectReference: {fileID: 0}
    - target: {fileID: 114720185474420974, guid: ac3d053f7db50a7499486a739556d33a,
        type: 2}
      propertyPath: rounds.Array.data[1].order.Array.data[4]
      value: 5
      objectReference: {fileID: 0}
    - target: {fileID: 114720185474420974, guid: ac3d053f7db50a7499486a739556d33a,
        type: 2}
      propertyPath: passingScore
      value: 4500
      objectReference: {fileID: 0}
    m_RemovedComponents: []
  m_ParentPrefab: {fileID: 100100000, guid: ac3d053f7db50a7499486a739556d33a, type: 2}
  m_IsPrefabParent: 0
--- !u!4 &1774925212 stripped
Transform:
  m_PrefabParentObject: {fileID: 4383050125282078, guid: ac3d053f7db50a7499486a739556d33a,
    type: 2}
  m_PrefabInternal: {fileID: 1774925211}
--- !u!114 &1774925213 stripped
MonoBehaviour:
  m_PrefabParentObject: {fileID: 114720185474420974, guid: ac3d053f7db50a7499486a739556d33a,
    type: 2}
  m_PrefabInternal: {fileID: 1774925211}
  m_Script: {fileID: 11500000, guid: 192b4b5a94b622141bc3bf23ab5f7e8f, type: 3}
--- !u!1 &1994230383
GameObject:
  m_ObjectHideFlags: 0
  m_PrefabParentObject: {fileID: 0}
  m_PrefabInternal: {fileID: 0}
  serializedVersion: 5
  m_Component:
  - component: {fileID: 1994230388}
  - component: {fileID: 1994230387}
  - component: {fileID: 1994230386}
  - component: {fileID: 1994230385}
  - component: {fileID: 1994230384}
  m_Layer: 0
  m_Name: Main Camera
  m_TagString: MainCamera
  m_Icon: {fileID: 0}
  m_NavMeshLayer: 0
  m_StaticEditorFlags: 0
  m_IsActive: 1
--- !u!81 &1994230384
AudioListener:
  m_ObjectHideFlags: 0
  m_PrefabParentObject: {fileID: 0}
  m_PrefabInternal: {fileID: 0}
  m_GameObject: {fileID: 1994230383}
  m_Enabled: 1
--- !u!124 &1994230385
Behaviour:
  m_ObjectHideFlags: 0
  m_PrefabParentObject: {fileID: 0}
  m_PrefabInternal: {fileID: 0}
  m_GameObject: {fileID: 1994230383}
  m_Enabled: 1
--- !u!92 &1994230386
Behaviour:
  m_ObjectHideFlags: 0
  m_PrefabParentObject: {fileID: 0}
  m_PrefabInternal: {fileID: 0}
  m_GameObject: {fileID: 1994230383}
  m_Enabled: 1
--- !u!20 &1994230387
Camera:
  m_ObjectHideFlags: 0
  m_PrefabParentObject: {fileID: 0}
  m_PrefabInternal: {fileID: 0}
  m_GameObject: {fileID: 1994230383}
  m_Enabled: 1
  serializedVersion: 2
  m_ClearFlags: 1
  m_BackGroundColor: {r: 0.19215687, g: 0.3019608, b: 0.4745098, a: 0}
  m_NormalizedViewPortRect:
    serializedVersion: 2
    x: 0
    y: 0
    width: 1
    height: 1
  near clip plane: 0.3
  far clip plane: 1000
  field of view: 60
  orthographic: 1
  orthographic size: 5
  m_Depth: -1
  m_CullingMask:
    serializedVersion: 2
    m_Bits: 4294967295
  m_RenderingPath: -1
  m_TargetTexture: {fileID: 0}
  m_TargetDisplay: 0
  m_TargetEye: 3
  m_HDR: 1
  m_AllowMSAA: 1
  m_ForceIntoRT: 0
  m_OcclusionCulling: 1
  m_StereoConvergence: 10
  m_StereoSeparation: 0.022
  m_StereoMirrorMode: 0
--- !u!4 &1994230388
Transform:
  m_ObjectHideFlags: 0
  m_PrefabParentObject: {fileID: 0}
  m_PrefabInternal: {fileID: 0}
  m_GameObject: {fileID: 1994230383}
  m_LocalRotation: {x: 0, y: 0, z: 0, w: 1}
  m_LocalPosition: {x: 0, y: 0, z: -10}
  m_LocalScale: {x: 1, y: 1, z: 1}
  m_Children: []
  m_Father: {fileID: 0}
  m_RootOrder: 0
  m_LocalEulerAnglesHint: {x: 0, y: 0, z: 0}
--- !u!1 &2118776814
GameObject:
  m_ObjectHideFlags: 0
  m_PrefabParentObject: {fileID: 0}
  m_PrefabInternal: {fileID: 0}
  serializedVersion: 5
  m_Component:
  - component: {fileID: 2118776816}
  - component: {fileID: 2118776815}
  m_Layer: 0
  m_Name: WorldController
  m_TagString: Untagged
  m_Icon: {fileID: 0}
  m_NavMeshLayer: 0
  m_StaticEditorFlags: 0
  m_IsActive: 1
--- !u!114 &2118776815
MonoBehaviour:
  m_ObjectHideFlags: 0
  m_PrefabParentObject: {fileID: 0}
  m_PrefabInternal: {fileID: 0}
  m_GameObject: {fileID: 2118776814}
  m_Enabled: 1
  m_EditorHideFlags: 0
  m_Script: {fileID: 11500000, guid: 0b475060e12574a4bbcdac2bee7879d4, type: 3}
  m_Name: 
  m_EditorClassIdentifier: 
  levels:
  - {fileID: 773974778}
  - {fileID: 1774925213}
  - {fileID: 2134301351}
  - {fileID: 1668487775}
  - {fileID: 1158694839}
  - {fileID: 1056244677}
  theme: 0
  sprites:
  - {fileID: 21300000, guid: 1d84465f7e44eae4bbc1d8afa60351e4, type: 3}
  - {fileID: 21300000, guid: a6b53e299551a9b43860bef8d97d82ab, type: 3}
  - {fileID: 21300000, guid: d073ea0cd57588542a534c22d645c772, type: 3}
  - {fileID: 21300000, guid: 91741a0a86241e642a86d26951d2da39, type: 3}
  - {fileID: 21300000, guid: 3a5bcd4b48602ef48898464d7cb94849, type: 3}
  background: {fileID: 21300000, guid: 58c25fd612350be4abc57ecfe64e539d, type: 3}
--- !u!4 &2118776816
Transform:
  m_ObjectHideFlags: 0
  m_PrefabParentObject: {fileID: 0}
  m_PrefabInternal: {fileID: 0}
  m_GameObject: {fileID: 2118776814}
  m_LocalRotation: {x: 0, y: 0, z: 0, w: 1}
  m_LocalPosition: {x: -1.1213784, y: 1.1267431, z: 0}
  m_LocalScale: {x: 1, y: 1, z: 1}
  m_Children: []
  m_Father: {fileID: 0}
  m_RootOrder: 3
  m_LocalEulerAnglesHint: {x: 0, y: 0, z: 0}
--- !u!1001 &2134301349
Prefab:
  m_ObjectHideFlags: 0
  serializedVersion: 2
  m_Modification:
    m_TransformParent: {fileID: 1753821136}
    m_Modifications:
    - target: {fileID: 114720185474420974, guid: ac3d053f7db50a7499486a739556d33a,
        type: 2}
      propertyPath: rounds.Array.size
      value: 3
      objectReference: {fileID: 0}
    - target: {fileID: 114720185474420974, guid: ac3d053f7db50a7499486a739556d33a,
        type: 2}
      propertyPath: rounds.Array.data[2].order.Array.size
      value: 5
      objectReference: {fileID: 0}
    - target: {fileID: 4383050125282078, guid: ac3d053f7db50a7499486a739556d33a, type: 2}
      propertyPath: m_LocalPosition.x
      value: 1.17
      objectReference: {fileID: 0}
    - target: {fileID: 4383050125282078, guid: ac3d053f7db50a7499486a739556d33a, type: 2}
      propertyPath: m_LocalPosition.y
      value: 0.6
      objectReference: {fileID: 0}
    - target: {fileID: 4383050125282078, guid: ac3d053f7db50a7499486a739556d33a, type: 2}
      propertyPath: m_LocalPosition.z
      value: 0
      objectReference: {fileID: 0}
    - target: {fileID: 4383050125282078, guid: ac3d053f7db50a7499486a739556d33a, type: 2}
      propertyPath: m_LocalRotation.x
      value: -0
      objectReference: {fileID: 0}
    - target: {fileID: 4383050125282078, guid: ac3d053f7db50a7499486a739556d33a, type: 2}
      propertyPath: m_LocalRotation.y
      value: -0
      objectReference: {fileID: 0}
    - target: {fileID: 4383050125282078, guid: ac3d053f7db50a7499486a739556d33a, type: 2}
      propertyPath: m_LocalRotation.z
      value: -0
      objectReference: {fileID: 0}
    - target: {fileID: 4383050125282078, guid: ac3d053f7db50a7499486a739556d33a, type: 2}
      propertyPath: m_LocalRotation.w
      value: 1
      objectReference: {fileID: 0}
    - target: {fileID: 4383050125282078, guid: ac3d053f7db50a7499486a739556d33a, type: 2}
      propertyPath: m_RootOrder
      value: 5
      objectReference: {fileID: 0}
    - target: {fileID: 212355132095185988, guid: ac3d053f7db50a7499486a739556d33a,
        type: 2}
      propertyPath: m_Enabled
      value: 1
      objectReference: {fileID: 0}
    - target: {fileID: 212676915040191964, guid: ac3d053f7db50a7499486a739556d33a,
        type: 2}
      propertyPath: m_Enabled
      value: 1
      objectReference: {fileID: 0}
    - target: {fileID: 102169514208585988, guid: ac3d053f7db50a7499486a739556d33a,
        type: 2}
      propertyPath: m_Text
      value: '3

'
      objectReference: {fileID: 0}
    - target: {fileID: 4462621665151536, guid: ac3d053f7db50a7499486a739556d33a, type: 2}
      propertyPath: m_LocalPosition.x
      value: -0.26
      objectReference: {fileID: 0}
    - target: {fileID: 212355132095185988, guid: ac3d053f7db50a7499486a739556d33a,
        type: 2}
      propertyPath: m_Sprite
      value: 
      objectReference: {fileID: 21300000, guid: bc2a34af120d70c4682b1b5a03548d08,
        type: 3}
    - target: {fileID: 212676915040191964, guid: ac3d053f7db50a7499486a739556d33a,
        type: 2}
      propertyPath: m_Sprite
      value: 
      objectReference: {fileID: 21300000, guid: 08ce29d754afe8c4394bb05d98a5552f,
        type: 3}
    - target: {fileID: 4462621665151536, guid: ac3d053f7db50a7499486a739556d33a, type: 2}
      propertyPath: m_LocalPosition.y
      value: 0.32
      objectReference: {fileID: 0}
    - target: {fileID: 4383050125282078, guid: ac3d053f7db50a7499486a739556d33a, type: 2}
      propertyPath: m_LocalScale.x
      value: 0.59999996
      objectReference: {fileID: 0}
    - target: {fileID: 4383050125282078, guid: ac3d053f7db50a7499486a739556d33a, type: 2}
      propertyPath: m_LocalScale.y
      value: 0.59999996
      objectReference: {fileID: 0}
    - target: {fileID: 102169514208585988, guid: ac3d053f7db50a7499486a739556d33a,
        type: 2}
      propertyPath: m_FontSize
      value: 80
      objectReference: {fileID: 0}
    - target: {fileID: 1625074409306276, guid: ac3d053f7db50a7499486a739556d33a, type: 2}
      propertyPath: m_Name
      value: Load Level button 3
      objectReference: {fileID: 0}
    - target: {fileID: 4126551570600880, guid: ac3d053f7db50a7499486a739556d33a, type: 2}
      propertyPath: m_RootOrder
      value: 3
      objectReference: {fileID: 0}
    - target: {fileID: 4756131583993194, guid: ac3d053f7db50a7499486a739556d33a, type: 2}
      propertyPath: m_RootOrder
      value: 4
      objectReference: {fileID: 0}
    - target: {fileID: 4624672994705938, guid: ac3d053f7db50a7499486a739556d33a, type: 2}
      propertyPath: m_RootOrder
      value: 6
      objectReference: {fileID: 0}
    - target: {fileID: 4316460668393824, guid: ac3d053f7db50a7499486a739556d33a, type: 2}
      propertyPath: m_RootOrder
      value: 5
      objectReference: {fileID: 0}
    - target: {fileID: 114720185474420974, guid: ac3d053f7db50a7499486a739556d33a,
        type: 2}
      propertyPath: levelFile
      value: 
      objectReference: {fileID: 4900000, guid: 7cc194b18e7c3304184283f226dd829f, type: 3}
    - target: {fileID: 114720185474420974, guid: ac3d053f7db50a7499486a739556d33a,
        type: 2}
      propertyPath: rounds.Array.data[2].order.Array.data[0]
      value: 3
      objectReference: {fileID: 0}
    - target: {fileID: 114720185474420974, guid: ac3d053f7db50a7499486a739556d33a,
        type: 2}
      propertyPath: rounds.Array.data[2].order.Array.data[1]
      value: 4
      objectReference: {fileID: 0}
    - target: {fileID: 114720185474420974, guid: ac3d053f7db50a7499486a739556d33a,
        type: 2}
      propertyPath: rounds.Array.data[2].order.Array.data[2]
      value: 5
      objectReference: {fileID: 0}
    - target: {fileID: 114720185474420974, guid: ac3d053f7db50a7499486a739556d33a,
        type: 2}
      propertyPath: rounds.Array.data[2].order.Array.data[3]
      value: 1
      objectReference: {fileID: 0}
    - target: {fileID: 114720185474420974, guid: ac3d053f7db50a7499486a739556d33a,
        type: 2}
      propertyPath: rounds.Array.data[2].order.Array.data[4]
      value: 2
      objectReference: {fileID: 0}
    - target: {fileID: 114720185474420974, guid: ac3d053f7db50a7499486a739556d33a,
        type: 2}
      propertyPath: rounds.Array.data[2].taps
      value: 7
      objectReference: {fileID: 0}
    - target: {fileID: 114720185474420974, guid: ac3d053f7db50a7499486a739556d33a,
        type: 2}
      propertyPath: rounds.Array.data[0].taps
      value: 5
      objectReference: {fileID: 0}
    - target: {fileID: 114720185474420974, guid: ac3d053f7db50a7499486a739556d33a,
        type: 2}
      propertyPath: rounds.Array.data[1].taps
      value: 5
      objectReference: {fileID: 0}
    - target: {fileID: 114720185474420974, guid: ac3d053f7db50a7499486a739556d33a,
        type: 2}
      propertyPath: rounds.Array.data[0].order.Array.data[0]
      value: 3
      objectReference: {fileID: 0}
    - target: {fileID: 114720185474420974, guid: ac3d053f7db50a7499486a739556d33a,
        type: 2}
      propertyPath: rounds.Array.data[0].order.Array.data[1]
      value: 4
      objectReference: {fileID: 0}
    - target: {fileID: 114720185474420974, guid: ac3d053f7db50a7499486a739556d33a,
        type: 2}
      propertyPath: rounds.Array.data[0].order.Array.data[2]
      value: 5
      objectReference: {fileID: 0}
    - target: {fileID: 114720185474420974, guid: ac3d053f7db50a7499486a739556d33a,
        type: 2}
      propertyPath: rounds.Array.data[0].order.Array.data[3]
      value: 1
      objectReference: {fileID: 0}
    - target: {fileID: 114720185474420974, guid: ac3d053f7db50a7499486a739556d33a,
        type: 2}
      propertyPath: rounds.Array.data[0].order.Array.data[4]
      value: 2
      objectReference: {fileID: 0}
    - target: {fileID: 114720185474420974, guid: ac3d053f7db50a7499486a739556d33a,
        type: 2}
      propertyPath: rounds.Array.data[1].order.Array.data[0]
      value: 3
      objectReference: {fileID: 0}
    - target: {fileID: 114720185474420974, guid: ac3d053f7db50a7499486a739556d33a,
        type: 2}
      propertyPath: rounds.Array.data[1].order.Array.data[1]
      value: 2
      objectReference: {fileID: 0}
    - target: {fileID: 114720185474420974, guid: ac3d053f7db50a7499486a739556d33a,
        type: 2}
      propertyPath: rounds.Array.data[1].order.Array.data[2]
      value: 1
      objectReference: {fileID: 0}
    - target: {fileID: 114720185474420974, guid: ac3d053f7db50a7499486a739556d33a,
        type: 2}
      propertyPath: rounds.Array.data[1].order.Array.data[3]
      value: 4
      objectReference: {fileID: 0}
    - target: {fileID: 114720185474420974, guid: ac3d053f7db50a7499486a739556d33a,
        type: 2}
      propertyPath: rounds.Array.data[1].order.Array.data[4]
      value: 5
      objectReference: {fileID: 0}
    - target: {fileID: 114720185474420974, guid: ac3d053f7db50a7499486a739556d33a,
        type: 2}
      propertyPath: passingScore
      value: 5500
      objectReference: {fileID: 0}
    m_RemovedComponents: []
  m_ParentPrefab: {fileID: 100100000, guid: ac3d053f7db50a7499486a739556d33a, type: 2}
  m_IsPrefabParent: 0
--- !u!4 &2134301350 stripped
Transform:
  m_PrefabParentObject: {fileID: 4383050125282078, guid: ac3d053f7db50a7499486a739556d33a,
    type: 2}
  m_PrefabInternal: {fileID: 2134301349}
--- !u!114 &2134301351 stripped
MonoBehaviour:
  m_PrefabParentObject: {fileID: 114720185474420974, guid: ac3d053f7db50a7499486a739556d33a,
    type: 2}
  m_PrefabInternal: {fileID: 2134301349}
  m_Script: {fileID: 11500000, guid: 192b4b5a94b622141bc3bf23ab5f7e8f, type: 3}
